3717 5642
905 519 944 588 15

352 721 509 798 quatenus
531 712 843 794 animadversionem,
867 731 964 796 quam
980 710 1174 777 sustinemus
1193 709 1337 793 angustie
1349 707 1502 776 eiusmodi

352 821 394 885 ad
415 825 542 902 tempus
562 835 620 901 pro
642 816 808 884 sarcinolis
836 814 1049 899 deprimendis
1081 818 1261 879 nostrorum
1289 812 1503 894 peccaminum

353 923 509 1005 permissu
526 921 586 1002 dei,
607 940 670 988 non
692 919 734 985 ad
755 919 932 985 animarum
946 916 1046 983 totale
1067 917 1199 983 exitium
1221 915 1391 999 contigisse
1412 915 1503 982 nobis

353 1024 462 1093 fideles
484 1025 590 1092 cuncti
612 1023 803 1102 adiudicent‚
826 1020 904 1104 quin
925 1019 1033 1103 potius
1056 1020 1096 1086 ad
1118 1017 1192 1086 fidei
1215 1020 1375 1085 cumulum
1395 1024 1504 1085 nostre

354 1128 497 1195 cessisse.
540 1126 695 1196 Nouimus
728 1124 875 1209 equidem
906 1142 966 1206 pro
993 1121 1088 1190 solita
1108 1122 1243 1205 piissimi
1270 1122 1408 1205 pastoris
1441 1122 1504 1188 cle-

354 1232 475 1297 mentia
504 1234 564 1313 pro
596 1229 707 1302 ouibus
734 1228 800 1294 suis
826 1245 891 1293 non
917 1232 1043 1294 tantum
1070 1226 1260 1293 defluentem
1281 1225 1503 1305 substantiam,

356 1333 414 1399 sed
435 1338 469 1399 et
489 1350 658 1415 personam
673 1329 887 1414 Sanctit(at)is
909 1325 1009 1412 ipsius
1031 1349 1089 1413 pro
1112 1328 1277 1396 dominicis
1299 1328 1409 1395 ouibus
1424 1328 1506 1395 uelle

355 1435 461 1502 uultro
483 1452 639 1517 exponere
657 1437 765 1502 nostre
780 1430 855 1498 fidei
877 1432 997 1500 emulos
1019 1433 1242 1517 impugnando,
1265 1431 1503 1498 cumJoannem

358 1543 482 1603 tuscum
504 1555 621 1619 genere
643 1553 858 1620 precessorem
880 1536 1008 1618 quidem
1031 1536 1216 1603 Sanctitatis
1238 1534 1384 1601 eiusdem
1416 1534 1506 1600 iussu

357 1640 442 1722 regis
454 1638 642 1706 Theoderici
663 1637 789 1721 quidem
812 1638 984 1721 impulsum
1002 1657 1074 1706 cum
1088 1637 1200 1704 Boetia
1216 1637 1411 1720 reliquisque
1430 1655 1507 1719 apo-

357 1743 513 1810 crissariis
541 1742 599 1808 has
622 1740 787 1807 aduenisse
809 1758 884 1806 oras
906 1740 939 1805 in
961 1742 1093 1809 cronicis
1115 1741 1157 1807 ad
1177 1740 1340 1807 lustinum
1361 1740 1506 1807 christia·

357 1844 523 1910 nissimum
556 1845 780 1926 imperatorem
812 1842 955 1926 legamus
981 1863 1039 1927 pro
1066 1844 1207 1912 ecclesiis
1228 1843 1435 1909 Arriauornm
1456 1862 1507 1909 re·

357 1947 542 2029 stituendia
574 1952 675 2014 totam
706 1946 812 2027 gladio
846 1946 1013 2013 delendam
1045 1948 1175 2032 ytaliam
1204 1947 1442 2027 comminantis,
1475 1946 1508 2012 ni

358 2049 495 2132 lecisset
518 2051 664 2118 eumdem
685 2049 816 2131 insuper
836 2050 1062 2132 imperatorem
1083 2070 1141 2133 per
1158 2051 1221 2117 tria
1238 2050 1361 2117 obviam
1372 2049 1510 2115 miliaria

359 2172 430 2220 cum
451 2158 518 2219 toto
540 2154 624 2220 clero
645 2152 922 2236 processionaliter
943 2152 977 2220 in
999 2153 1137 2220 adventu
1160 2153 1243 2219 tanti
1263 2152 1421 2235 pontificis
1436 2171 1509 2235 pro-

360 2256 457 2322 diisse
469 2255 522 2335 ²⁰).
566 2255 631 2324 Sed
663 2275 734 2324 cum
766 2255 846 2323 illud
877 2256 1037 2338 poeticum
1065 2255 1176 2323 eadem
1203 2256 1362 2323 Sanctitas
1391 2256 1511 2338 optime

357 2359 594 2441 reminiscatur,
627 2358 735 2425 nocuit
767 2356 895 2425 differre
927 2359 1065 2441 paratis,
1099 2357 1184 2425 omni
1217 2359 1315 2442 igitur
1347 2360 1506 2429 industria

360 2460 495 2527 noxialis
529 2461 685 2545 abigenda
719 2465 770 2528 est
797 2462 908 2527 dilatio
935 2466 1032 2544 atque
1059 2462 1134 2530 huic
1155 2462 1259 2530 diuino
1281 2464 1370 2546 operi
1390 2465 1511 2532 exalta·

360 2563 500 2647 tionique
531 2565 733 2633 immaculate
765 2564 841 2632 fidei
868 2582 964 2648 quam
986 2564 1084 2631 totius
1113 2565 1193 2633 adeo
1215 2585 1345 2649 operam
1367 2568 1452 2649 dare,
1474 2572 1513 2634 nt

359 2670 501 2749 gentium
533 2672 707 2750 agnoscant
738 2667 848 2750 populi
873 2668 920 2733 nil
948 2668 1048 2750 gratis
1074 2668 1127 2734 vel
1158 2668 1319 2735 incassum
1350 2674 1440 2737 tanto
1461 2689 1511 2737 re·

361 2770 518 2852 demptori
550 2787 588 2836 ac
619 2769 745 2836 domino
778 2769 952 2838 credidisse
983 2771 1084 2855 hyesu
1117 2771 1245 2838 Christo
1276 2790 1397 2855 nosque
1429 2774 1510 2842 uelle

363 2871 488 2953 operari
521 2890 579 2952 per
600 2870 696 2938 fidem
717 2890 843 2938 omnem
864 2872 1034 2939 mundialis
1056 2875 1211 2957 sapientie
1233 2874 1354 2944 fumum
1376 2894 1511 2943 senne·

363 2974 496 3055 quitiam
529 2974 626 3040 etiam
658 2974 686 3039 si
719 2993 777 3040 nos
805 2974 968 3057 contingat
994 2983 1145 3060 oppetere
1167 2977 1432 3061 parvipendentes
1452 2999 1512 3062 pro

362 3074 433 3141 eius
465 3075 546 3159 ylari
579 3094 618 3143 ac
651 3076 778 3143 demum
810 3077 926 3143 celebri
959 3078 1174 3163 confessione,
1208 3100 1302 3165 quem
1330 3080 1423 3150 decet
1443 3083 1514 3150 laus

364 3178 472 3262 hymni
494 3184 528 3246 et
549 3178 650 3262 gloria
671 3179 704 3245 in
726 3179 833 3246 secula
854 3180 1042 3264 seculorum,
1064 3201 1166 3251 amen.

431 3404 479 3464 20)
495 3406 615 3459 Joanncs
633 3423 704 3474 papa
721 3404 748 3471 1,
775 3408 924 3460 Constantii
943 3407 1022 3473 filins,
1050 3408 1194 3473 Etruscus,
1212 3406 1364 3481 ἔδῃ-Μ
1391 3411 1426 3465 cl.
1442 3410 1511 3465 Acts

365 3490 530 3549 Succorum.
547 3493 623 3549 Tom.
642 3493 689 3550 Vl.
706 3494 773 3548 lorii
790 3494 848 3548 dies
865 3493 977 3550 xxvn.
996 3512 1021 3562 p.
1041 3492 1093 3550 702
1110 3510 1167 3563 seq.
