3717 5642
844 581 849 589 -
917 543 937 609 9

358 732 535 800 vicennium
549 734 576 811 ²)
599 733 726 799 creditis
748 733 903 798 rationem
926 733 987 798 sim
1008 732 1200 811 redditurus,
1230 750 1301 797 cunr
1323 750 1361 797 ex
1378 730 1503 798 incum-

354 836 441 904 benti
462 835 677 902 huiuscemodi
699 835 835 918 pastoris
863 833 967 901 officio
995 854 1057 901 non
1079 840 1203 900 tanturn
1225 852 1279 899 eas
1302 855 1323 910 a
1342 834 1425 917 lupis
1448 835 1504 900 ab·

355 942 459 1003 sortus
487 936 537 1003 ias
558 945 629 1004 erat
649 957 775 1018 eruere,
811 938 868 1003 sed
901 957 959 1004 nec
991 939 1117 1020 quidem
1140 956 1249 1003 earum
1269 939 1355 1019 optio
1368 938 1505 1019 ‘lugendi

355 1039 490 1106 dabatur
512 1041 699 1108 interitum?
733 1038 846 1123 Neque
868 1043 1004 1124 amplius
1027 1041 1186 1108 immorari
1209 1040 1318 1120 liceat,
1351 1042 1503 1105 iniseran·

353 1143 427 1209 dam
448 1149 567 1210 sortem
599 1162 754 1226 casusque
785 1149 911 1210 nostros
945 1150 1012 1210 toto
1045 1144 1120 1211 orbe
1153 1142 1313 1210 dedendos
1341 1162 1505 1209 recensere

352 1247 519 1313 succincte.
542 1247 685 1315 Kalende
711 1254 787 1313 tunc
808 1246 904 1328 igitur
927 1245 1100 1313 Setembris
1130 1247 1301 1329 superioris
1335 1248 1504 1312 illuxerant

353 1368 424 1416 eum
453 1350 534 1417 illud
566 1369 657 1417 mane
690 1368 790 1433 equor
814 1350 955 1416 carbasis
982 1351 1139 1431 repletum
1171 1368 1398 1432 usquequaque
1431 1368 1503 1430 pro·

353 1453 525 1534 speximus.
567 1454 685 1518 Petunt
716 1452 749 1517 in
781 1452 852 1533 ipsa
884 1453 988 1519 insula
1021 1454 1071 1520 die
1093 1454 1196 1535 prima
1216 1458 1342 1535 portum
1364 1458 1504 1517 veterem

353 1556 473 1638 georgii
506 1554 647 1635 sancti³i
685 1561 870 1621 enumerata
908 1556 1152 1640 quinquedentis
1185 1555 1318 1621 navibus
1351 1555 1504 1620 machinis

354 1657 470 1740 quippe
491 1655 619 1724 refectis
646 1663 774 1722 centum
801 1658 907 1725 decem
930 1666 1053 1726 remeia
1074 1658 1214 1741 navigia,
1248 1676 1380 1739 quorum
1412 1658 1504 1722 trire-

353 1777 422 1825 mes
460 1759 723 1842 vigintiquatuor,
756 1761 879 1844 reliqua
912 1764 1001 1828 varia
1032 1762 1189 1829 iustarum
1222 1781 1338 1842 genera
1367 1752 1526 1844 galeatis

354 1881 372 1927 e
402 1862 517 1945 Sinope
528 1863 556 1945 ⁴)
589 1862 736 1929 traducta
763 1864 864 1930 unica.
893 1863 956 1929 Ubi
982 1871 1088 1932 autem
1110 1871 1235 1948 portum
1257 1866 1361 1947 ipsum
1383 1863 1504 1929 tbeucri

351 1965 495 2047 aggressi
516 1971 592 2030 sunt
612 1985 650 2032 ac
671 1966 843 2048 tranqvu‘lla
864 1968 928 2033 iam
949 1968 1060 2034 elassis
1083 1969 1220 2033 statione
1242 1968 1344 2049 potita
1355 1967 1504 2033 Bassium

356 2068 469 2133 ducem
496 2067 617 2135 scilieet
643 2070 800 2135 exercitus
823 2069 1013 2138 Maburaetb
1027 2072 1052 2147 ⁵)
1085 2068 1221 2150 numptii
1253 2070 1353 2137 nostri
1386 2071 1505 2136 adeunt

359 2189 471 2237 causas
504 2172 537 2236 in
566 2172 720 2238 eiusmodi
747 2178 781 2240 et
801 2173 954 2256 insperati
988 2173 1114 2256 quidem
1148 2174 1345 2254 requirentes
1368 2173 1503 2238 insultus

353 2274 547 2339 admirantes
580 2293 643 2340 non
671 2271 831 2341 mediocre
851 2282 940 2342 tante
972 2276 1122 2341 novitatis
1144 2276 1315 2342 adveutum
1338 2295 1409 2341 eum
1431 2294 1502 2358 pre·

353 2377 463 2441 sertim
495 2377 559 2442 iam
590 2396 649 2459 per
681 2379 881 2460 septennium
910 2386 1033 2461 septem
1059 2378 1158 2444 millia
1180 2379 1370 2455 florenorum
1393 2398 1504 2445 aureo·

353 2498 423 2544 rum
445 2485 629 2545 venetorum
651 2500 758 2546 annua
788 2482 938 2563 imposita
966 2483 1086 2548 tributa
1106 2482 1357 2563 persolverimus
1378 2482 1402 2563 ),
1425 2482 1504 2547 nibil

353 2583 437 2666 quod
470 2583 638 2664 imperium
670 2602 778 2649 eorum
818 2585 902 2668 regis
926 2587 1078 2667 ‘pertinet
1110 2603 1277 2666 perperam
1311 2589 1503 2667 atemptasse.

352 2684 535 2767 Respondet
555 2685 605 2750 bis
626 2703 734 2768 regem
757 2706 849 2753 suum
870 2688 951 2754 velle
974 2688 1067 2769 plene
1089 2693 1227 2753 castrum
1251 2688 1447 2753 Mrtileneum
1471 2695 1504 2755 et

353 2788 497 2868 insulam,
520 2787 609 2854 cuius
631 2808 689 2854 nos
711 2790 907 2871 responsioni
930 2790 1058 2856 minime
1087 2791 1278 2857 asentientes
1302 2809 1339 2855 ac
1360 2793 1503 2872 protinus

353 2891 415 2972 ipsi
449 2889 621 2957 anavibus
655 2892 823 2958 derrantes
845 2893 957 2958 lictora
983 2897 1116 2975 captant
1144 2892 1278 2958 Theucri
1301 2900 1396 2975 atque
1418 2893 1503 2960 ierro

352 2994 458 3059 menia
479 2993 617 3075 cingunt
656 2994 797 3060 Necdum
818 2995 922 3060 hostia
943 2996 1043 3060 nostri
1065 2996 1217 3076 repararii
1239 2997 1410 3062 novissime
1432 3016 1504 3063 con·

352 3097 466 3163 structi
482 3096 646 3162 obsecrare
658 3098 814 3179 quivimus
826 3103 954 3179 ntpeue
969 3098 1052 3164 otius
1073 3097 1181 3163 hostes
1200 3100 1315 3163 emersi
1332 3100 1504 3180 irruerent,

353 3200 470 3265 bellum
492 3200 600 3282 itaque
622 3199 784 3282 utrimque¹
800 3200 982 3266 accenditur
1009 3187 1129 3283 perque
1150 3201 1234 3266 hunc
1257 3201 1340 3266 diem
1363 3201 1503 3267 defluen-

353 3302 438 3368 tibus
460 3303 546 3368 saxis
578 3302 629 3368 vel
663 3302 709 3367 sic
741 3322 865 3369 cessere
899 3303 1000 3368 inviti.
1055 3304 1165 3369 Altera
1193 3305 1244 3369 die
1260 3304 1285 3385 ⁷)
1318 3303 1504 3386 parimodo

351 3404 459 3470 hostes
482 3424 519 3471 eo
541 3404 610 3471 solo
632 3404 810 3471 dimicaturi
833 3405 1021 3487 adveniunt,
1044 3412 1216 3487 provocant
1237 3412 1362 3472 nostros
1385 3408 1505 3488 pariter

354 3508 559 3589 commisceri,
582 3508 692 3589 quiet
718 3527 738 3573 a
759 3509 873 3574 meniis
900 3509 1008 3590 sepius
1031 3508 1225 3575 declinantes
1247 3511 1501 3576 scaramutiando

351 3611 456 3690 potius
479 3629 572 3692 quam
596 3610 742 3677 bellando
764 3612 943 3678 iuvitatorie
966 3631 1070 3695 pugne
1092 3617 1291 3693 conceptunt.
1327 3611 1389 3678 Sed
1401 3614 1500 3677 nostri

351 3718 419 3778 tum
441 3732 480 3779 ex
502 3715 730 3781 consuetudine
754 3715 947 3798 prodienteS,
981 3720 1049 3781 tum
1082 3715 1222 3798 sagiptas
1246 3716 1384 3798 undiquc
1407 3716 1499 3782 collo·

419 4028 447 4081 b·
467 4028 532 4079 Cod.
550 4029 704 4081 triennium.

421 4114 449 4178 3)
467 4115 670 4183 Hagiaemntinn
688 4114 759 4180 apud
777 4114 880 4167 Ducem
900 4115 954 4174 (cd.
973 4115 1059 4167 Bonnl
1079 4132 1122 4182 pg.
1141 4112 1200 4176 tlt,
1218 4111 1278 4166 511.

418 4199 447 4265 i)
465 4200 524 4252 Cod
548 4200 689 4267 Esinopro.

418 4287 448 4340 bt
467 4286 539 4354 legd.
556 4287 740 4351 Mobamnred3
758 4290 828 4339 conf.
846 4290 950 4340 Ducam
968 4306 1028 4355 pag.
1047 4285 1108 4339 511.

417 4370 447 4435 ti
464 4374 494 4424 cf
526 4374 629 4427 Ducam
646 4391 692 4442 pg.
709 4374 769 4436 3⁸28,
797 4376 842 4427 ubi
862 4372 933 4426 :utto
964 4377 1122 4426 florenorum
1145 4375 1257 4435 Lesbiis,
1284 4370 1354 4426 ‘2⁰0⁰
1372 4372 1488 4423 Lamniis

350 4454 421 4512 itm
439 4458 544 4510 domino
561 4461 630 4512 Aeni
648 4466 675 4513 et
691 4462 772 4515 lmbri
796 4478 867 4513 anno
886 4461 955 4516 1455
973 4463 1097 4527 imposita
1115 4477 1174 4514 essa
1193 4460 1314 4527 legimus.

418 4545 446 4605 7)
465 4545 508 4597 die
530 4543 730 4613 ineptembris.
