3717 5642
908 548 947 618 13

352 753 428 825 perc
451 739 645 825 dignaretur.
691 740 733 805 dt
755 740 808 806 u-bi
831 753 888 807 nos
911 730 1070 823 supplices
1093 752 1150 822 pro
1168 739 1271 805 danda
1288 752 1383 806 manu
1396 740 1503 808 hostes

353 860 520 928 percepere
554 844 696 911 referunt
724 843 764 909 ad
788 860 896 910 eornm
919 864 975 910 uos
999 844 1082 909 uelle
1105 844 1243 909 ditamen
1267 846 1508 922 admitteretis

353 950 423 1013 ideo
457 969 477 1013 a
511 949 635 1013 classici
666 947 754 1013 ducis
777 949 889 1013 cedula
911 948 1219 1028 munuconscripta,
1253 947 1336 1012 iurat
1357 967 1414 1029 per
1436 950 1504 1013 eius

353 1064 458 1117 ensem
493 1051 609 1116 lumbis
642 1051 843 1132 precinctum
869 1052 1017 1133 regisque
1039 1051 1099 1132 ¹qsui
1134 1050 1284 1115 uerticem
1318 1051 1361 1114 nil
1394 1057 1502 1116 nostre

352 1154 467 1219 inferre
490 1155 554 1219 uite
577 1139 721 1219 molestie
744 1154 901 1236 pauloque
924 1158 997 1235 post
1019 1152 1110 1218 adest
1132 1152 1288 1218 ianizarus
1314 1153 1421 1235 regius
1444 1172 1501 1235 pro

354 1258 431 1323 bere
461 1259 558 1323 castri
582 1257 649 1338 regi
672 1256 733 1339 ipsi
757 1255 951 1322 deducendo.
998 1256 1153 1322 Procedit<
1166 1255 1250 1321 illico
1273 1254 1421 1323 Nicolaus
1445 1257 1505 1323 Ca⁶

354 1360 500 1425 telusius·
522 1359 633 1426 insule
660 1359 776 1425 dudum
812 1360 910 1424 totius
940 1359 1086 1424 dominus
1113 1358 1197 1424 binis
1221 1376 1255 1424 sc
1282 1359 1504 1426 comitantibus

354 1462 515 1544 equitibus
539 1461 579 1528 ad
603 1468 804 1543 conspectum
826 1462 911 1543 regis
931 1468 1102 1541 turcorum,
1125 1459 1217 1528 offert
1235 1462 1359 1528 demum
1374 1463 1504 1529 adorato

355 1580 430 1647 rege
453 1565 553 1631 dulcis
578 1566 681 1646 patrie
704 1581 956 1647 proavorumque
978 1583 1036 1646 per
1058 1571 1184 1630 centum
1200 1565 1351 1632 otdecem
1364 1565 1506 1650 annos'')

355 1685 535 1750 possessam
569 1668 679 1733 urbem
713 1668 846 1734 mitileni
879 1668 984 1732 claues
1012 1668 1204 1734 illacrimans
1233 1669 1281 1734 sui
1304 1670 1414 1751 utique
1437 1674 1505 1735 teu-

352 1774 440 1837 'torio
470 1770 632 1837 residenti.
677 1769 786 1852 Pergit
813 1769 896 1836 illico
918 1774 1061 1852 potestas
1083 1788 1193 1836 eorum
1216 1768 1357 1838 subassis
1379 1773 1505 1838 nomine

361 1875 551 1940 constitutus
585 1891 655 1940 cum
688 1873 810 1938 duobus
838 1872 893 1953 qui
915 1890 1018 1938 arcem
1041 1873 1129 1954 prius
1156 1874 1246 1939 reddi
1269 1874 1329 1940 sibi
1356 1874 1506 1956 iacerent,

358 1980 483 2042 demum
507 1976 596 2042 urbis
618 1976 717 2043 totius
739 1980 868 2058 caperet
889 1974 1132 2057 possessionen,
1155 1995 1218 2058 qua
1235 1977 1355 2043 scilieet
1372 1978 1506 2060 denique

355 2081 472 2163 adepta
505 2079 661 2162 impositis
693 2096 922 2161 usquequaque
946 2077 1086 2143 excubiis
1108 2098 1145 2144 ac
1173 2080 1256 2162 regis
1279 2096 1385 2146 eorum
1409 2083 1505 2146 uenil⁶

352 2182 399 2250 ‘lls
432 2183 554 2249 iniectis
576 2201 648 2250 mou
670 2182 813 2265 timpana
834 2180 1023 2267 fistulaeque
1045 2199 1117 2246 cum
1140 2179 1279 2248 buccinis
1302 2189 1508 2264 perstrepunt

357 2293 454 2368 atque
486 2285 657 2353 mahometi
685 2300 799 2351 nomeu
832 2285 865 2349 in
895 2283 1027 2349 excelsis
1050 2282 1191 2351 effertur.
1235 2286 1298 2351 Per
1319 2304 1388 2351 eam
1411 2286 1507 2368 igitur

352 2396 482 2457 ‘noctem
504 2388 689 2456 bachanalia
710 2389 743 2453 id
770 2392 819 2454 est
847 2388 1124 2453 commessationes
1145 2390 1387 2471 potationesque
1409 2390 1507 2455 ubere

361 2494 570 2562 celebrantur.
615 2490 762 2556 Eruruut
782 2492 815 2556 iu
838 2489 979 2555 inferiori
1001 2494 1211 2557 castrotecta
1235 2496 1401 2574 restantia,
1434 2496 1509 2560 uiua

359 2597 532 2680 cohoperta
553 2595 654 2660 libant
675 2599 771 2675 atque
800 2613 837 2659 ex
866 2593 945 2675 ipsis
967 2610 1024 2673 pre
1046 2593 1144 2659 iubilo
1164 2595 1317 2678 pleraque
1340 2597 1506 2667 diffuduut.

355 2699 409 2764 Fit
445 2716 553 2764 rumor
586 2696 708 2762 interea
740 2697 780 2761 de
813 2695 944 2777 reliquis
977 2714 1035 2777 per
1067 2696 1201 2764 insulam
1234 2701 1352 2764 castris
1381 2706 1505 2765 restan-

352 2803 441 2868 tibus
471 2800 706 2881 consignandis,
739 2817 798 2881 pro
829 2816 963 2879 quorum
992 2797 1118 2880 quidem
1140 2801 1506 2883 assignationefirmiori

359 2905 496 2969 acersito
528 2903 681 2968 mltilensi
712 2903 835 2968 notario
857 2919 928 2967 cum
952 2902 1121 2968 exibitione
1143 2906 1412 2986 coutrasignorum
1434 2924 1508 2992 pro·

356 3006 508 3073 ficiscitur
540 3007 628 3073 iussu
649 3005 799 3086 facturus,
832 3005 874 3070 ad
906 3006 995 3071 cuius
1023 3005 1193 3072 aduentum
1215 3024 1305 3072 arces
1332 3008 1433 3089 ipsius
1455 3009 1503 3074 inss

358 3111 427 3176 sule
459 3111 625 3193 augeriuos
648 3128 706 3175 scu
727 3109 867 3190 molitos,
895 3106 997 3175 sancti
1020 3108 1164 3175 theodori
1197 3114 1231 3174 et
1262 3110 1401 3175 berissos
1435 3128 1506 3178 cum

353 3212 505 3279 omnibus
527 3213 637 3278 incolis
660 3214 872 3295 acquiescunt
911 3211 1070 3289 Quosdam
1092 3212 1125 3277 iu
1148 3213 1194 3277 eis
1217 3220 1381 3295 suspectos
1402 3222 1505 3281 retra·

355 3313 452 3395 bunt,
485 3315 638 3381 rusticum
671 3315 783 3397 vulgus
815 3315 848 3380 iu
881 3315 959 3397 ipsis
987 3315 1099 3405 castris
1125 3315 1317 3397 relinquunt.
1361 3316 1506 3384 Secunda

358 3416 455 3498 igitur
486 3424 559 3499 post
586 3419 673 3485 urbis
696 3418 859 3484 obtentum
890 3419 1025 3484 decursa
1052 3418 1103 3483 die
1130 3418 1310 3502 preconium
1332 3420 1399 3485 uice
1421 3422 1505 3504 regis

360 3518 502 3601 edicitur,
525 3539 565 3586 ue
587 3521 658 3604 quis
680 3520 929 3587 christicolarum
942 3520 1054 3587 uenale
1071 3522 1146 3604 quid
1157 3522 1332 3605 porrigeret
1351 3524 1506 3606 gentibus,

360 3621 415 3687 sed
438 3623 522 3688 cinos
544 3630 700 3707 quotquot
720 3619 831 3690 urbem
851 3623 1030 3693 incolebant
1051 3623 1110 3691 'sub
1131 3625 1268 3691 dictione
1290 3624 1402 3709 eapitis
1423 3626 1507 3695 lares

360 3741 435 3790 snos
457 3722 609 3792 deserant
630 3731 727 3809 atque
750 3743 857 3791 coram
873 3728 1013 3811 principe
1025 3727 1204 3795 annotando
1213 3727 1378 3811 prodirent
1387 3729 1507 3798 familie

354 3820 556 3911 ungulorum
577 3825 727 3897 fidelium.
769 3828 886 3912 Fitque
896 3834 934 3896 ut
944 3829 1053 3897 xvn·
1072 3821 1262 3913 septembris
1278 3830 1392 3914 prefati
1404 3835 1505 3900 omnis

360 3928 825 4000 cbuulmlnmnurberetlcu
834 3938 1020 4015 properaret
1029 3932 1149 4000 familia
1159 3933 1326 4017 perpaucis
1336 3934 1505 4003 admodum

360 4032 449 4103 lues
461 4029 540 4104 urbe
561 4034 723 4119 rupeas,
744 4025 847 4102 tribus
861 4035 994 4103 neuun
1009 4052 1117 4105 eorum
1139 4036 1324 4104 nominatim
1346 4039 1506 4122 descripta

354 4147 426 4221 qua
447 4139 567 4208 scillcet
597 4142 705 4206 turma
734 4141 937 4222 pretereunte
968 4134 1107 4208 bdelium
1135 4156 1281 4207 cerneres
1303 4146 1379 4209 tuuc
1399 4158 1505 4224 regem

365 4258 422 4308 suo
440 4242 607 4325 presertim
627 4245 720 4326 aptas
742 4238 818 4308 ritui
839 4236 978 4307 iuniores
1000 4240 1097 4309 ueluti
1118 4260 1194 4309 oues
1215 4242 1256 4310 ab
1278 4242 1345 4309 edis
1368 4248 1506 4309 semetas

432 4546 476 4617 18)
493 4551 527 4605 ab
545 4565 614 4605 anuo
632 4548 813 4619 rats-itm,
831 4569 879 4621 pcr
896 4552 971 4606 cvll
990 4569 1081 4608 annos.
