3717 5642
946 535 986 613 ir

390 732 528 816 deligere
551 750 672 814 suoque
693 730 1088 813 mancipio¹⁸iclieutibus¹
1097 736 1340 818 perurgentibus
1351 740 1539 821 mancipare,

389 830 627 903 Describuntur
647 833 777 901 nomina
797 833 892 899 simul
914 840 950 900 et
970 837 1156 917 cognomina
1177 837 1372 920 singulorum
1387 859 1425 908 ac
1447 843 1494 908 sio
1515 844 1541 908 ti

388 958 464 1006 oves
491 937 654 1005 occisionis
687 935 878 1002 numeratim
909 938 1017 1003 nantis
1050 938 1218 1006 exibentur
1244 940 1416 1009 bisantium
1439 963 1540 1027 usque

387 1040 575 1121 traiciende,
609 1057 746 1122 quarum
777 1042 902 1120 partem
935 1040 1104 1107 maritimis
1136 1061 1194 1125 pre
1226 1046 1374 1127 augustia
1407 1047 1539 1112 veiculis

388 1144 586 1211 deiicientem
618 1142 805 1224 priusquam
843 1159 975 1223 corporo
1018 1148 1116 1225 ponto
1156 1145 1296 1212 extincta
1328 1147 1539 1229 traderentur,

388 1248 499 1314 destm
517 1244 643 1327 precisa
670 1262 749 1309 aure
777 1263 817 1310 ex
849 1244 1057 1326 asignationis
1090 1264 1221 1314 numero
1256 1247 1361 1317 scriba
1392 1251 1538 1315 nauticus

387 1348 556 1415 exirnebat
600 1346 650 1413 Ex
669 1347 719 1413 his
735 1338 849 1429 'itaque
871 1347 1005 1428 captivis
1038 1349 1161 1416 eductis
1194 1352 1262 1418 solo
1289 1352 1394 1435 patrio
1415 1358 1540 1434 partem

386 1450 493 1517 insui
514 1450 699 1517 servitutem
720 1450 846 1533 redigit,
869 1454 993 1530 partem
1017 1450 1098 1519 douo
1110 1453 1232 1521 >classis
1253 1453 1445 1537 primatibus
1467 1474 1539 1538 pre·

387 1554 467 1635 buit,
489 1552 627 1637 reliquos
649 1552 715 1619 suis
741 1553 932 1619 exercitibus
954 1554 1070 1635 divisit,
1098 1554 1153 1639 qui
1175 1554 1265 1622 iuxta
1285 1556 1376 1622 littus
1398 1558 1540 1623 eiusdem

387 1657 491 1724 insule
518 1657 645 1739 publice
666 1656 850 1723 venumdati
877 1661 961 1721 sunt
1011 1657 1060 1722 Ea
1086 1657 1184 1739 igitur
1205 1658 1289 1725 serie
1310 1659 1441 1741 exipsa
1463 1661 1540 1726 urbe

386 1769 421 1828 et
452 1760 557 1827 insula
578 1760 632 1826 Χιὶὶ
655 1777 756 1843 coque
788 1758 925 1839 amplius
957 1761 1062 1826 anime
1088 1758 1228 1826 fidelium
1256 1761 1455 1828 abducuntur
1487 1781 1539 1828 ca·

385 1864 474 1947 ptive
495 1865 537 1931 ad
558 1863 651 1930 sedes
667 1862 787 1928 dudum
808 1863 952 1929 evacuati
973 1862 1145 1944 replendas
1166 1862 1304 1945 bisantii,
1326 1883 1389 1946 que
1410 1864 1538 1947 quidem

260 1986 265 1998 ’
385 1973 463 2035 tuuc
493 1966 634 2035 classicis
665 1965 829 2049 galearum
861 1964 1051 2048 naviumque
1083 1967 1228 2033 traducto
1256 1967 1410 2033 vehiculis
1437 1968 1535 2034 XVI¹¹

386 2067 710 2153 octubrissirperioris
730 2072 862 2149 portum
880 2068 1253 2151 constantinopolitanum
1275 2069 1459 2151 subivimus,
1480 2090 1538 2152 pro

386 2173 563 2257 maiorique
588 2176 680 2254 parte
712 2188 782 2237 cam
805 2171 916 2236 urbem
949 2190 987 2236 ex
1008 2190 1084 2253 pere
1105 2172 1248 2253 opposito
1270 2173 1438 2239 latinorum
1460 2193 1538 2240 uon-

386 2278 466 2345 uulli
486 2275 637 2342 incolunt
691 2272 840 2338 Ceterum
866 2273 917 2340 vel
939 2275 1102 2341 venditum
1129 2274 1179 2340 vel
1201 2275 1283 2341 douo
1305 2277 1415 2343 datum
1438 2296 1538 2359 genus

386 2381 547 2464 captivum
567 2375 709 2458 hospites
742 2381 776 2441 et
807 2375 966 2458 peregrini
992 2394 1051 2458 pro
1073 2395 1160 2443 more
1182 2378 1381 2444 detentorum
1405 2381 1538 2445 circum·

385 2482 450 2549 iusi
471 2483 504 2548 iu
526 2499 649 2547 merore
681 2487 778 2561 atque
810 2478 956 2561 suspiriis
984 2479 1052 2545 dies
1080 2482 1189 2547 anxios
1215 2481 1414 2564 preterimus,
1437 2482 1538 2548 domi·

386 2606 463 2653 num
483 2586 616 2669 hyesum
636 2582 754 2666 iugiter
785 2581 1015 2663 obsecrantes,
1028 2586 1066 2648 ut
1087 2601 1107 2649 a
1134 2588 1183 2650 tot
1203 2585 1295 2650 malis
1316 2584 1537 2666 ingruentibus

386 2694 421 2757 et
441 2687 581 2756 erumnis
608 2704 670 2769 que
696 2683 789 2750 nobis
813 2683 1013 2766 innovantur,
1041 2686 1188 2768 dignetur
1215 2706 1335 2755 eruere.
1379 2687 1442 2754 Ubi
1464 2707 1536 2769 pre-

385 2792 523 2860 maxime
544 2788 633 2857 nulla
652 2788 807 2854 hactenus
837 2791 1012 2870 potueruut
1033 2788 1172 2855 humana
1184 2866 1185 2869 Ἴ
1198 2790 1289 2857 nobis
1310 2789 1449 2872 presidia
1471 2790 1536 2856 sui-

385 2896 514 2981 fragari.
557 2894 654 2972 Eam,
686 2889 792 2973 igitur,
824 2896 952 2973 patrum
985 2892 1197 2973 sanctissime,
1231 2912 1327 2975 quam
1360 2893 1400 2959 de
1433 2893 1536 2959 insule

385 2997 595 3067 mitilenensis
606 2995 783 3077 direptione
799 2998 833 3060 et
846 2994 918 3061 rudi
935 2995 1095 3077 siquidem
1118 2995 1192 3061 stilo
1206 3001 1389 3080 congestam
1411 2998 1535 3077 seriem,
1601 3004 1603 3008 “
1633 3043 1635 3046 -

385 3109 424 3170 ut
456 3104 568 3170 melius
589 3099 680 3184 potui
701 3097 808 3165 curavi
829 3102 996 3165 contexere
1018 3097 1161 3164 eiusdem
1183 3096 1368 3168 Sanctitatis
1390 3108 1537 3168 creatura
1590 3120 1594 3129 ’

387 3210 559 3286 sancteque
573 3221 702 3270 romane
713 3200 844 3268 ecclesie
854 3202 1032 3282 membrum
1042 3198 1154 3268 inutile
1174 3201 1207 3267 iu
1228 3204 1461 3284 presentiarum
1479 3222 1535 3275 au.-

386 3307 526 3373 scultare
537 3306 667 3389 dignare
679 3323 742 3371 uon
753 3308 877 3370 tantum
888 3322 998 3369 aurem
1014 3304 1125 3371 lectori
1138 3304 1305 3386 dignanter
1315 3306 1533 3389 accomodans,

387 3410 445 3477 sed
456 3429 513 3493 pro
530 3428 617 3475 more
629 3426 692 3479 ¹aue
713 3407 821 3478 inclite
827 3406 1043 3481 miserationis
1059 3425 1117 3488 pro
1135 3404 1329 3474 sufficienter
1351 3426 1534 3490 expressam

387 3512 556 3579 admittere
591 3512 632 3579 ab
658 3509 769 3595 ipsius
786 3528 978 3593 quamquam
1005 3509 1147 3592 inparem
1168 3508 1263 3594 longe
1284 3502 1399 3595 studiis
1421 3512 1535 3582 ceteris

387 3616 512 3681 veniam
534 3619 685 3696 expetens
718 3613 746 3679 si
774 3631 836 3695 que
863 3612 897 3677 iu
923 3612 1062 3678 medinm
1090 3610 1212 3678 effluxit
1232 3613 1404 3696 barbarico,
1427 3616 1535 3681 sensui

386 3736 444 3783 sue
477 3717 667 3791 detentionis
700 3720 901 3783 consternato
933 3714 1087 3794 molestiis
1109 3715 1305 3799 deputando,
1339 3737 1401 3801 que
1422 3723 1536 3804 cuncta

386 3819 558 3903 gratiodus
585 3837 657 3887 cum
677 3816 963 3903 Ravercpdissimis
989 3817 1134 3885 Dominis
1162 3820 1359 3905 comunitate
1390 3821 1534 3900 cardina

385 3925 472 3991 libus
492 3924 690 4007 solerterque
715 3922 875 3990 ruminata
900 3920 1073 4005 dignemini
1104 3942 1168 4003 non
1194 3923 1296 4004 solum
1322 3939 1409 3989 nuno
1425 3925 1536 3987 nostre

387 4027 468 4099 sorti
490 4026 628 4109 compati
647 4025 835 4106 miserande,
857 4024 913 4108 qui
933 4024 1031 4090 variis
1053 4023 1215 4092 obruimur
1233 4020 1534 4108 angariis-gentibus
1562 4019 1565 4023 ’

386 4129 610 4211 inservientes,
643 4128 702 4196 sed
722 4127 849 4196 reddita
868 4146 947 4209 pace
968 4128 1137 4210 presertim
1159 4129 1246 4195 italis
1267 4147 1331 4196 una
1351 4146 1422 4195 cum
1442 4126 1533 4194 brac·

387 4233 459 4301 chio
479 4233 658 4317 principum
678 4232 863 4299 devotorum
891 4231 925 4297 in
946 4231 1030 4297 huuc
1051 4231 1229 4313 cerberum,
1252 4233 1307 4316 qui
1328 4251 1409 4314 pene
1431 4235 1534 4296 toturn

389 4336 553 4403 absorbuit
574 4340 679 4406 cetum
700 4333 841 4403 fidelium
863 4341 929 4402 tam
952 4341 1079 4401 strenue
1102 4339 1188 4402 terra
1202 4336 1344 4420 marique
1359 4336 1534 4414 insurgere,
1597 4394 1600 4399 .

460 4541 505 4607 19)
522 4544 588 4599 Ood.
604 4543 756 4609 municip'o.
