3717 5642
919 573 941 639 8

355 762 457 852 veluti
479 764 614 829 macerie
635 765 742 831 erecta
764 762 1008 844 cumulatorum,
1041 761 1073 826 id
1095 760 1234 825 'manime
1255 748 1355 842 opem
1374 778 1394 823 a
1415 758 1505 825 nobis

353 866 515 933 occiduam
541 862 716 946 affuturam
733 863 993 947 prestolantibus
1021 882 1058 929 eo
1085 863 1221 944 amplius
1234 880 1319 944 egre
1340 860 1505 929 terendum

352 975 515 1050 censetur,
547 986 611 1051 quo
643 967 694 1034 vel
716 985 775 1032 sua
795 984 875 1048 pace
896 965 1231 1032 heroumcuncto'rum
1253 963 1394 1040 fidelium
1407 965 1503 1030 dixe·-

352 1071 429 1153 rim,
451 1072 506 1153 qui
536 1070 661 1137 emissis
695 1069 785 1135 dieta
806 1075 980 1134 mantuana
993 1068 1018 1149 1)
1054 1068 1270 1150 apocrissariis
1298 1069 1449 1154 pleraque
1472 1068 1503 1130 ia

353 1174 511 1241 Theneros
532 1190 604 1239 sese
624 1172 763 1239 factunm
786 1171 968 1237 obtulerant
988 1171 1039 1236 uel
1061 1170 1366 1252 ecclesie'impntem
1380 1170 1504 1250 ignavie

352 1276 541 1343 militantis?
562 1274 633 1342 Non
655 1281 762 1341 mmen
784 1274 1092 1356 constantinopoleos
1119 1273 1229 1339 urbem
1250 1275 1310 1339 hoc
1331 1272 1429 1338 ferme
1449 1272 1504 1335 de·

355 1380 468 1447 cennio
500 1379 698 1461 deperditam
730 1379 840 1460 iugum
879 1382 956 1443 tunc
989 1376 1114 1442 subisse
1136 1378 1308 1442 'nationum
1341 1377 1505 1457 ipsamque

353 1482 533 1565 instaurary
562 1480 731 1563 aliquando
752 1486 969 1563 presumetur,
1002 1480 1058 1545 sed
1071 1485 1114 1559 ⁴et
1136 1479 1367 1545 convicinorum
1388 1478 1506 1543 insula·

353 1602 424 1649 rurn
446 1603 484 1650 ac
505 1584 642 1665 urbium,
657 1583 787 1666 'quibus'
802 1581 920 1648 Christi
941 1600 1055 1648 nornen
1077 1581 1277 1662 personabat,
1300 1579 1395 1646 fidem
1416 1598 1505 1662 pror·

353 1704 409 1752 sus
441 1686 575 1769 periisse
607 1686 811 1753 orthodoxam
827 1738 828 1741 ,
844 1690 878 1751 et
905 1685 939 1750 in
967 1684 1036 1750 dies
1064 1702 1136 1749 curn
1158 1685 1236 1765 ipsis
1259 1683 1353 1749 simul
1375 1683 1505 1750 urbibus

356 1788 522 1856 decidisse.
571 1788 615 1855 Et
637 1789 683 1855 sic
705 1808 795 1855 error
818 1788 1008 1855 succedebat
1030 1787 1140 1867 errori,
1160 1806 1200 1869 ac
1221 1787 1359 1853 nondum
1380 1786 1505 1851 redem-

353 1898 409 1974 pto
441 1894 605 1959 Bissancio
641 1893 740 1957 totius
774 1892 884 1973 utique
915 1892 1033 1956 vertice
1054 1891 1199 1970 orientia,
1236 1908 1346 1955 verum
1367 1888 1506 1955 hostium

358 1995 556 2062 immanitate
576 1994 730 2077 pervigily
751 1994 874 2077 reliqna
895 1994 1038 2059 membra
1058 1994 1206 2060 labantur
1227 1999 1260 2059 et
1279 1997 1384 2067 ruant,
1409 1991 1508 2056 donec

354 2096 396 2162 ad
418 2098 532 2180 sydera
564 2115 664 2179 usque
696 2100 883 2179 perveniant
910 2114 1003 2163 voces
1034 2114 1092 2179 pro
1121 2095 1248 2161 Christo
1268 2092 1506 2161 interfectorum

357 2198 543 2264 eiulantium
566 2200 816 2283 dicentiumque:
863 2199 967 2277 Quare
990 2218 1054 2264 non
1076 2198 1219 2265 defendis
1242 2197 1425 2278 sanguinem
1449 2214 1505 2259 no-

354 2305 471 2381 strum,
503 2302 591 2367 Deus
612 2305 754 2369 noster?
782 2304 859 2382 Quis
886 2310 1012 2384 nanque
1040 2320 1110 2367 sese
1138 2320 1158 2366 a
1185 2299 1322 2367 lacrimis
1345 2300 1507 2385 continere

355 2407 413 2469 aut
433 2403 523 2470 siccis
545 2405 643 2471 oculis
666 2406 754 2473 urbis
777 2406 936 2471 mitilenee
959 2423 1067 2474 casum
1089 2404 1207 2484 poterit
1228 2403 1375 2483 equidem
1396 2419 1506 2467 recen·

355 2524 440 2586 sere,
472 2507 620 2573 videlicet
653 2509 755 2575 edicto
784 2509 899 2576 emisso
932 2507 1021 2589 regio
1057 2511 1131 2587 post
1151 2505 1308 2570 devictam
1330 2506 1505 2584 triumpha-

354 2614 486 2692 tamque
507 2609 725 2676 urbemillico
747 2610 859 2693 patriis
881 2610 1010 2676 sedibus
1032 2608 1191 2674 derelictis
1213 2626 1357 2673 cerneres
1380 2607 1505 2672 christi·

355 2711 440 2778 colas
475 2732 531 2794 pre
564 2719 734 2795 conspectu
766 2715 910 2781 certatim
944 2712 1130 2795 imperantis
1157 2730 1343 2778 concurrere
1365 2730 1506 2792 quosque

356 2814 562 2881 electissimos
584 2815 719 2898 puberes
741 2821 775 2882 et
795 2816 918 2882 futuros
956 2816 1110 2898 siquidem
1133 2815 1279 2880 theucros
1301 2815 1417 2896 abripi,
1445 2816 1508 2879 vir-

355 2915 445 3000 gines
466 2919 611 2986 manibus
633 2925 760 3001 patrum
782 2925 909 3001 ereptas
931 2938 1005 2985 mox
1026 2918 1223 2984 deflorandos
1246 2918 1367 2999 abduci,
1389 2919 1507 2985 lactan-

355 3026 406 3086 tes
427 3026 565 3086 matrum
599 3020 729 3104 insuper
759 3022 939 3089 subtractos
961 3022 1112 3089 uberibus
1135 3042 1266 3104 gregum
1294 3041 1426 3087 numero
1447 3023 1507 3088 cir·

356 3122 436 3189 citer
468 3125 713 3207 quingentorum
745 3144 820 3192 oues
853 3126 955 3191 instar
982 3125 1022 3191 ab
1045 3125 1157 3192 edibus
1179 3125 1340 3207 segregari
1363 3143 1507 3190 suorum-

356 3244 417 3306 que
438 3226 626 3310 impulsione
648 3228 732 3310 regis
755 3229 929 3295 satellitum
952 3229 1078 3295 detrudi
1100 3248 1138 3294 ac
1159 3229 1331 3311 mancipari
1352 3229 1508 3294 serralio?

355 3326 409 3392 Nil
430 3327 548 3395 idcirco
570 3338 645 3398 tunc
672 3331 845 3412 proderant
871 3352 975 3415 genua
996 3350 1098 3414 usque
1119 3332 1354 3414 provolutorrnn
1376 3350 1507 3396 excusse

354 3431 671 3514 parentumlacrime,
687 3435 828 3501 nonulla
846 3454 885 3501 ex
906 3435 966 3500 hac
983 3435 1195 3517 disgressione
1217 3453 1367 3515 genarum
1390 3435 1507 3501 discer-

355 3532 434 3612 poio,
457 3532 537 3598 nulli
558 3533 592 3598 in
624 3547 773 3618 parentes
795 3538 943 3604 dimissos
964 3543 1110 3602 natorum
1137 3539 1312 3619 postergati
1333 3544 1506 3619 respectum,

355 3634 433 3715 quin
455 3643 543 3701 metu
564 3640 731 3706 verborum
764 3640 953 3721 singultibus
976 3639 1194 3720 ingruentibus
1221 3660 1278 3721 pro
1300 3639 1408 3705 dolore
1429 3660 1507 3721 qua-

355 3736 428 3801 darn
445 3754 527 3819 pene
538 3741 620 3806 tusci
630 3744 786 3822 prementi
797 3743 933 3808 oscitare
944 3743 1112 3823 potiusque
1129 3761 1254 3825 gernere
1265 3744 1506 3809 mentiebantur.

354 3837 441 3903 Mors
465 3858 595 3923 nempe,
629 3862 691 3926 quc
713 3846 899 3911 mortalibus
921 3846 1023 3911 acrior
1044 3864 1103 3912 nec
1123 3847 1268 3911 invocata
1296 3849 1436 3911 assuevit
1458 3849 1506 3911 in·

355 3959 475 4023 repere,
497 3961 556 4025 per
577 3951 677 4011 totam
705 3947 751 4012 sic
777 3966 848 4013 eam
870 3949 955 4014 diem
976 3948 1120 4031 flagitata
1153 3968 1337 4031 meroreque
1360 3969 1505 4014 eonsum-

355 4048 428 4125 ptos
449 4064 508 4112 nos
529 4049 680 4114 exaudire
694 4056 895 4116 contenserat
913 4052 1013 4133 magis
1026 4059 1101 4117 ante
1123 4072 1178 4117 ora
1199 4060 1327 4133 patrum
1342 4054 1506 4133 elligentes

355 4154 524 4229 oppetere,
565 4169 661 4233 quam
699 4153 783 4217 mala
815 4155 919 4235 genus
952 4160 1060 4220 nostre
1088 4155 1255 4237 oviumque
1278 4155 1506 4225 dominicarum

356 4250 477 4317 cladem
498 4253 663 4335 inspicere.
708 4255 809 4333 Quam
842 4258 941 4339 igitur
971 4257 1118 4336 α’γιόωτε
1150 4257 1255 4335 Pater,
1283 4260 1321 4323 de
1344 4259 1506 4329 dilaniatis

356 4354 465 4422 ouibus
498 4357 574 4423 mibi
607 4361 640 4423 et
673 4378 863 4442 quamquam
900 4361 1057 4427 immerito
1089 4362 1210 4441 pastori
1242 4361 1301 4426 luc
1333 4364 1399 4429 iere
1432 4378 1506 4432 eunte

428 4578 455 4639 ll
471 4598 542 4634 anno
563 4581 637 4638 lib&
