3717 5642
910 561 948 627 12

353 753 493 814 castrum
515 748 600 814 idern
621 767 774 831 personas
795 748 1177 831 cunctamquesupellcrn
1200 749 1304 822 triduo
1327 745 1502 835 doniolian·

354 857 416 919 tur.
460 852 545 916 Dum
576 852 684 932 itaque
710 870 746 917 se
772 868 824 916 res
854 850 1035 932 baberent,
1055 870 1125 917 ecoe
1152 852 1321 933 isprimus
1343 851 1503 917 Lucbinus

355 974 427 1019 cum
448 954 557 1036 paucis
579 954 691 1018 auxius
714 958 747 1019 et
767 954 897 1019 anelans
925 955 1057 1019 nudato·
1071 974 1147 1019 ense
1179 955 1307 1036 aparuit
1338 952 1500 1018 affirmans

354 1076 416 1138 que
448 1060 708 1137 supervenerunt.
758 1056 827 1133 Quo
859 1058 968 1122 audito
986 1075 1081 1138 pene
1113 1058 1306 1122 consternati
1329 1057 1502 1122 defecimus

355 1178 414 1226 nec
434 1159 496 1225 nisi
508 1160 557 1224 de
579 1160 657 1225 urbe
677 1159 841 1224 reddenda
860 1160 1006 1225 hostibus
1028 1159 1234 1225 tractabatur.
1271 1160 1351 1225 Erat
1372 1162 1503 1241 iusuper

352 1264 435 1328 iuter
456 1268 563 1328 cetera
584 1280 641 1327 uos
663 1260 873 1327 obsidentium
897 1262 1148 1328 machinamenta
1170 1263 1344 1329 bombarda
1365 1264 1502 1346 quedam

353 1367 448 1432 unica
479 1384 515 1432 os
544 1366 577 1430 in
606 1364 747 1447 sublime
762 1384 875 1447 gerens
898 1385 960 1446 que
982 1385 1040 1432 nec
1061 1365 1225 1447 banybalis
1248 1372 1439 1446 tempestate
1461 1366 1503 1430 ad

353 1487 463 1550 persas
496 1473 573 1533 tunc
593 1467 793 1548 procedentis
815 1468 988 1533 consimilis
1010 1470 1079 1534 visa
1101 1474 1150 1533 est
1172 1468 1288 1533 volium
1311 1470 1436 1539 circiter
1457 1469 1503 1533 Vi

353 1568 566 1634 cantariorum
588 1570 736 1636 emittens
759 1572 791 1636 in
813 1571 913 1635 altum
936 1590 1022 1636 ruore
1046 1571 1190 1637 trabucbi
1219 1590 1340 1654 suoque
1368 1591 1505 1636 excussu

353 1670 456 1736 solum
479 1671 667 1737 obnubilans
680 1673 728 1753 ¹⁶).
772 1672 874 1749 Quam
896 1674 957 1738 etsi
980 1674 1149 1754 proculab
1173 1676 1281 1740 betere
1304 1676 1502 1740 decidentem

352 1773 435 1838 oculi
456 1779 587 1854 possent
608 1774 701 1841 facile
723 1775 956 1856 inspicientium
980 1777 1129 1856 devitare,
1151 1796 1189 1842 eo
1211 1784 1318 1841 tamen
1340 1797 1402 1859 quo
1418 1786 1503 1843 tecta

355 1882 389 1941 et
421 1876 622 1943 mulierculas
653 1877 821 1942 nonnullas
849 1877 934 1942 domi
968 1885 1184 1969 oppresserat,
1219 1881 1264 1944 ita
1290 1899 1370 1961 pene
1392 1881 1503 1945 incolis

352 1998 405 2045 ex·
425 1980 475 2046 sui
508 1980 648 2047 novitate
680 1988 713 2047 et
739 1981 980 2046 admirationem
1008 1981 1183 2048 incusserat
1205 1988 1238 2047 et
1264 1989 1432 2061 terrorem,
1466 1991 1503 2048 ut

354 2085 471 2165 spretis
506 2084 633 2150 sedibus
661 2085 770 2165 potius¹
790 2085 955 2167 elligerent
976 2084 1107 2149 circuire
1129 2086 1247 2150 nullam
1271 2088 1366 2149 armis
1389 2086 1503 2151 dantes

352 2206 498 2268 operam,
530 2188 591 2253 sed
613 2187 709 2253 veluti
730 2187 821 2252 deliri
845 2192 1015 2269 evagantes
1038 2206 1095 2267 per
1118 2188 1257 2267 posticus
1281 2189 1377 2269 igitur
1399 2196 1432 2251 et
1454 2208 1502 2253 ce-

352 2289 434 2354 latia
467 2290 703 2372 delitescentes,
737 2291 792 2373 qui
826 2291 1013 2372 protectioni
1047 2292 1221 2355 memorum
1255 2309 1345 2371 opem
1381 2290 1503 2357 ferendi

353 2394 575 2476 neglexerant,
608 2394 650 2458 ad
671 2392 906 2460 resarciendum
929 2411 1091 2457 murorum
1115 2394 1277 2458 ruitorum
1291 2410 1502 2475 apertumque

357 2498 523 2564 colluviem
545 2514 625 2578 opus
648 2501 718 2561 erat
743 2501 874 2575 argento
896 2495 1039 2561 homines
1061 2496 1218 2561 redimere
1239 2498 1292 2577 qui
1316 2497 1446 2561 humum
1470 2504 1503 2561 et

353 2619 430 2666 sara
463 2600 623 2665 deferrent
655 2604 689 2664 et
722 2597 969 2664 allaborantibus
1003 2601 1034 2662 in
1048 2643 1050 2647 -
1065 2600 1186 2680 roparis
1209 2599 1345 2679 pretium
1369 2600 1503 2680 prebere

354 2723 416 2769 non
439 2704 606 2770 mediocre.
639 2703 751 2785 Neque
773 2708 941 2783 propterea
963 2702 1174 2783 reparationis
1198 2701 1293 2766 ullius
1317 2704 1407 2768 uobis
1430 2722 1503 2784 pro·

355 2805 416 2872 fuit
437 2814 673 2889 argumentum,
702 2808 779 2889 quin
801 2805 918 2870 relictis
942 2807 1170 2886 protectionum
1194 2807 1308 2870 studiis
1331 2826 1388 2887 per
1410 2808 1503 2886 quiu-

357 2911 554 2993 decimam¹⁷)
572 2910 668 2976 aflicti
689 2908 807 2975 baccho
830 2927 900 2973 sose
923 2906 1105 2975 immersere
1127 2915 1161 2974 ot
1183 2909 1290 2990 cereri,
1314 2910 1404 2990 quasi
1417 2910 1505 2974 nulia

356 3017 437 3083 ieret
468 3015 607 3079 hostium
639 3014 754 3078 circum
788 3010 921 3076 obsidio.
965 3012 1073 3077 Inerat
1100 3020 1316 3077 verumtamen
1342 3012 1502 3089 frumenti,

356 3121 435 3201 viui,
468 3118 544 3199 olei,
568 3118 662 3196 cosei,
685 3115 970 3197 alimentorumque
992 3122 1168 3181 ceterorum
1190 3123 1281 3179 tanta
1303 3116 1401 3196 copia,
1425 3135 1502 3196 qua·

354 3223 440 3289 tinus
472 3241 528 3305 per
562 3237 680 3286 aunum
713 3236 878 3298 possemus
907 3218 1101 3284 obsidionem
1123 3220 1230 3299 ipsam
1253 3224 1327 3297 apte
1350 3219 1501 3298 perferre,

356 3326 543 3392 balistarum
566 3340 691 3404 quoqne
713 3340 751 3386 ac
772 3321 988 3385 defensionum
1011 3321 1098 3386 varia
1119 3339 1249 3400 genera,
1279 3320 1374 3383 calcis
1399 3321 1501 3385 fictili-

357 3430 415 3494 bus
448 3427 518 3492 ollis
551 3424 729 3504 recondite,
763 3424 825 3489 olei
853 3425 981 3505 insuper
1004 3423 1146 3489 calefacti
1167 3422 1288 3501 replete
1311 3424 1499 3503 sartagines,

358 3532 505 3608 virorum,
528 3534 565 3593 ot
586 3526 743 3609 prefertur
765 3525 951 3592 bellatorum
973 3528 1040 3592 fere
1055 3543 1186 3590 numero
1199 3524 1295 3604 mille,
1318 3526 1375 3589 sod
1389 3524 1436 3589 vei
1449 3526 1501 3589 dei

354 3632 468 3699 iuditio
489 3633 522 3697 iu
544 3630 643 3696 rebus
656 3629 814 3711 gerendis,
836 3629 885 3694 vel
908 3628 1100 3693 deducendis
1123 3627 1301 3711 agminibus
1325 3629 1371 3693 ita
1393 3628 1502 3692 corisul

350 3735 572 3816 magnanimus
599 3734 727 3814 duxque
761 3750 920 3796 armorum
954 3750 1071 3812 gnarus
1104 3731 1217 3811 defuit,
1252 3738 1288 3795 ut
1320 3736 1503 3813 postergato

352 3838 494 3906 inferiori
526 3841 646 3918 castro,
679 3834 764 3916 quod
797 3834 861 3898 iam
892 3835 988 3915 paulo
1020 3841 1093 3900 aute
1127 3836 1273 3902 estiterat
1304 3840 1500 3915 occupatum,

353 3942 457 4011 cuncti
479 3944 566 4005 metu
587 3938 750 4019 extasique
772 3936 956 4003 circumferi
978 3957 1083 4021 pugne
1105 3939 1168 4004 iam
1181 3939 1292 4004 aciem
1306 3937 1500 4003 aborrereut.

355 4047 474 4111 iterato
508 4044 635 4108 demum
667 4039 798 4107 concilio
829 4039 920 4105 binos
954 4048 1062 4107 nostre
1095 4042 1266 4107 voluntatis
1294 4040 1434 4106 conscios
1460 4040 1501 4103 de

356 4147 543 4231 paciscendo
571 4144 678 4211 federe
699 4144 892 4224 destinatur,
927 4147 1076 4226 quatinus
1105 4146 1246 4227 personis
1269 4145 1382 4209 saltem
1404 4142 1501 4207 salvis

353 4259 386 4320 et
409 4271 462 4319 ere
485 4250 569 4335 quod
591 4268 702 4332 parum
735 4255 915 4331 supererat,
950 4267 1007 4329 pro
1040 4248 1106 4312 suis
1129 4247 1256 4312 vasallis
1278 4246 1396 4313 iuoolas
1419 4248 1501 4312 acci·

422 4479 468 4539 lot
485 4480 518 4533 ci.
536 4480 639 4530 Ducam
658 4494 683 4543 p.
702 4472 1050 4540 ‘248-219;Chalcoeond.
1070 4490 1095 4539 p.
1115 4468 1175 4534 356,
1192 4468 1252 4534 bia,
1275 4473 1332 4525 ili.

424 4562 468 4633 17)
487 4565 530 4617 dia
550 4562 591 4619 la.
611 4563 776 4631 septembris.
