3717 5642
914 568 954 635 10

357 755 447 837 cturi,
472 760 540 821 tum
562 772 620 837 pro
643 771 729 820 more
747 753 885 820 bostium
901 755 1072 838 pugnaturi
1093 756 1140 822 ita
1161 774 1196 823 se
1218 758 1374 826 descensu
1395 754 1512 826 dedere

356 848 541 941 precipites,
574 863 611 923 ut
641 876 842 941 nequaquam
875 858 917 923 ad
949 877 1008 924 nos
1042 859 1168 942 regredi
1189 860 1332 927 ualentes
1354 861 1511 944 capitibus

355 962 512 1029 truncatis
538 962 614 1027 bina
634 961 730 1027 humo
752 962 867 1027 thanus
889 978 1021 1043 carpam
1042 980 1224 1029 remansere
1236 970 1425 1045 nostrornm,
1447 981 1511 1045 quc

356 1069 466 1147 presto
487 1063 588 1130 hastis
611 1064 727 1130 iniecta
748 1064 810 1146 ipsi
832 1064 927 1129 Basie
949 1064 1021 1130 duci
1043 1083 1114 1132 cum
1137 1066 1235 1132 iubilo
1268 1066 1448 1134 afferuntur-
1472 1066 1510 1132 li·

355 1168 497 1234 ctoribns
530 1168 606 1233 dato
642 1185 773 1233 munere
805 1186 864 1248 pro
896 1168 1024 1246 uirtute.
1058 1166 1179 1244 Quarta
1192 1169 1218 1250 ⁸)
1246 1175 1279 1237 et
1300 1171 1436 1236 eundem
1458 1170 1510 1239 dic

355 1269 634 1337 demonstrationis
666 1274 877 1353 pugnatorum
910 1271 1087 1353 congeriem
1120 1270 1275 1338 facientes
1308 1272 1397 1338 mille
1412 1320 1415 1326 ·
1428 1291 1510 1353 pena

354 1371 416 1438 uiri
437 1392 475 1439 ex
496 1372 614 1439 nostis
640 1373 794 1454 comperti
821 1377 898 1439 sunt
919 1379 1010 1439 scuta
1031 1378 1195 1456 gestantes
1216 1380 1249 1440 et
1270 1375 1378 1457 galeas
1400 1393 1418 1440 e
1437 1375 1510 1456 qni·

354 1475 415 1541 bus
436 1474 509 1541 bine
529 1475 690 1542 rodiorum
716 1474 802 1541 fuste
827 1492 899 1540 cum
920 1477 1124 1559 septuaginta
1149 1477 1308 1560 pugilibus
1337 1496 1375 1544 ac
1395 1478 1510 1559 reliqui

354 1582 481 1643 centum
514 1580 621 1645 decern
654 1578 764 1644 echii
777 1579 803 1660 ⁰)
837 1579 986 1661 contigua
1016 1579 1122 1645 insula
1146 1580 1259 1662 yspani
1274 1581 1310 1659 ¹⁰)
1338 1582 1511 1663 propagine

353 1680 396 1746 ad
428 1686 538 1747 nostra
569 1682 689 1765 pariter
716 1681 874 1763 stipendia
901 1700 1084 1748 convenere.
1144 1682 1314 1749 Enimvero
1346 1684 1388 1767 hy
1419 1685 1507 1753 circa

354 1802 518 1850 murorum
545 1785 694 1852 excubias
726 1790 822 1851 noctu
849 1784 965 1866 dieque
991 1791 1120 1851 strenuo
1143 1786 1348 1852 decertabant
1369 1787 1509 1853 hostium

354 1889 519 1954 molimina
539 1888 673 1971 impigre
696 1888 927 1970 propulsantes,
961 1908 1040 1971 quos
1063 1888 1190 1955 demum
1212 1889 1291 1955 urbe
1313 1889 1416 1955 multa
1436 1908 1509 1956 curn

354 1994 510 2077 patientia
541 2010 599 2073 per
631 1990 769 2056 medium
802 1996 905 2059 sectos
935 2010 1076 2074 corpora·
1094 1991 1225 2058 canibus
1252 1993 1392 2059 voranda
1413 1992 1510 2058 relin-

354 2101 457 2178 quunt
488 2095 595 2176 sicque
626 2095 737 2176 agonis
770 2113 829 2178 suy
861 2112 989 2159 cursum
1022 2094 1157 2161 feliciter
1185 2096 1218 2161 in
1247 2097 1373 2162 domino
1396 2114 1509 2163 consu-

352 2204 482 2265 marunt
516 2197 645 2279 coloque
667 2216 721 2263 eos
754 2216 811 2279 pro
833 2216 915 2262 urna
937 2203 1073 2279 tegente.
1108 2198 1299 2264 Statuuntur
1322 2201 1445 2265 interea
1467 2198 1509 2264 ab

354 2302 472 2367 exteris
499 2299 671 2366 bombardc
699 2300 812 2366 eximie
838 2318 909 2381 sex,
943 2319 1078 2383 quarum
1112 2302 1203 2367 cunei
1236 2304 1508 2384 septingentarum

352 2404 507 2469 librarum
529 2403 652 2484 pondus
680 2402 813 2484 quilibet
834 2403 1008 2469 excedebat
1029 2409 1096 2469 tres
1118 2405 1150 2469 in
1174 2405 1342 2486 saponaria
1359 2424 1379 2469 a
1395 2406 1508 2471 meniis

354 2526 413 2589 per
444 2507 560 2572 iactum
588 2506 745 2571 distantes
771 2506 901 2587 lapidis,
924 2507 1028 2573 altera
1049 2508 1082 2572 in
1112 2508 1214 2573 sancti
1237 2508 1359 2574 Nicolai
1380 2510 1508 2590 templo,

357 2610 460 2676 altera
492 2609 576 2674 enim
609 2608 642 2673 in
675 2615 787 2675 sancta
818 2609 887 2675 Gali
920 2610 1009 2676 iuxta
1043 2611 1293 2693 delinquentium
1321 2611 1507 2692 patibulum,

359 2717 451 2778 sexta
483 2713 515 2777 in
549 2711 710 2778 suburbiis
744 2731 782 2777 ex
810 2712 944 2778 adverso
973 2713 1071 2778 turris
1094 2713 1272 2780 barbacano
1294 2733 1388 2797 quom
1409 2714 1510 2782 frater

355 2815 500 2881 Andreas
522 2815 704 2897 etquidem
725 2816 816 2881 miles
838 2817 948 2881 rodius
971 2836 1042 2883 cum
1065 2821 1188 2898 septam
1211 2819 1413 2899 complicibus
1435 2837 1508 2899 pro·

355 2917 493 3001 tegebat,
516 2937 578 3000 qne
599 2938 657 3001 per
678 2924 804 2984 centum
826 2919 1057 3001 quinquaginta
1079 2920 1161 2985 ictus
1183 2920 1298 2985 turrim
1321 2922 1457 3002 pannaie
1474 2924 1508 3001 ΙΙ»)

220 3095 222 3099 ,
351 3039 428 3087 cum
450 3022 580 3104 reliquis
602 3021 879 3089 circumstantibus
902 3022 1015 3087 meniis
1033 3021 1248 3103 conterebant,
1271 3028 1307 3087 ut
1321 3022 1506 3087 solothenus

360 3125 488 3208 quidem
521 3126 756 3208 propugnacula
788 3125 996 3207 adaquarent.
1040 3124 1160 3190 Defixis
1194 3126 1290 3207 igitur
1323 3124 1507 3191 bombardis

356 3227 501 3295 indolere
533 3229 712 3296 iacentibus
739 3247 776 3294 ac
803 3228 972 3309 prepositis
1001 3231 1075 3293 aute
1104 3228 1277 3294 muralibus
1299 3228 1384 3293 saxis
1407 3228 1506 3293 bonu·

356 3332 429 3412 stis,
462 3351 503 3397 ne
536 3353 575 3400 ex
607 3332 730 3413 aposita
762 3337 871 3397 nostre
903 3335 1035 3412 possent
1066 3331 1193 3412 uspiam
1226 3331 1332 3396 ledere
1366 3330 1508 3396 feriendo

354 3453 465 3500 earum
488 3436 644 3518 siquidem
666 3452 840 3514 excussum,
863 3433 997 3499 cimbalo
1019 3433 1134 3514 iugiter
1150 3434 1338 3498 admonente
1349 3452 1414 3498 non
1435 3440 1506 3499 tan·

355 3541 424 3602 tum
446 3539 546 3603 nostri
568 3538 682 3603 meniis
704 3538 861 3614 insistere,
884 3535 942 3601 sed
964 3540 997 3600 ct
1019 3533 1157 3601 furorem
1179 3535 1431 3617 supervenientis
1454 3554 1507 3601 co·

354 3639 511 3721 gcbantur
538 3639 678 3722 effugere
700 3638 868 3721 catapulta.
912 3637 962 3703 Ea
982 3656 1058 3703 vero
1080 3657 1142 3720 que
1163 3640 1254 3706 iuxta
1275 3637 1383 3704 fanum
1405 3640 1506 3705 sancti

354 3741 475 3809 Nicolai
496 3762 553 3825 per
573 3744 658 3809 vices
680 3744 813 3824 triginta
833 3740 989 3823 producta
1010 3741 1123 3808 turrim
1145 3749 1257 3825 portus
1274 3760 1333 3825 per
1347 3743 1505 3824 quandam

357 3845 515 3929 galiegum
527 3846 657 3912 Petrum
680 3842 880 3912 deLaranda
906 3844 1033 3909 nomine
1055 3844 1130 3910 olim
1153 3846 1257 3912 medio
1279 3850 1377 3927 punto
1399 3850 1505 3909 extru-

354 3953 439 4014 ctam
460 3950 614 4015 catharrus
640 3947 838 4031 perfoderat,
871 3948 1115 4029 propugnaculis
1138 3947 1396 4015 eminentioribus
1418 3947 1503 4011 deie-

423 4222 451 4289 8)
469 4225 513 4277 dic
531 4227 547 4279 4
565 4226 730 4292 septembris.

421 4309 451 4369 9)
469 4312 533 4364 (iod.
551 4313 637 4377 Eehy.

408 4394 455 4458 10)
472 4398 528 4450 scil.
538 4398 669 4451 catalani.
687 4399 723 4453 ci.
739 4397 877 4465 Capmnny
887 4398 1029 4449 Memoriae
1048 4396 1124 4447 sobre
1142 4396 1170 4447 la
1187 4397 1289 4448 marina
1307 4394 1339 4447 de
1350 4396 1504 4449 Barcelone.

354 4484 468 4537 Madrid.
486 4482 665 4539 ints-ltin.
683 4485 789 4538 Hom.
807 4485 994 4551 lLappandix
1012 4499 1055 4549 pg.
1074 4476 1116 4538 bn.

424 4567 468 4636 ll)
486 4572 543 4623 scil.
562 4572 606 4636 τῆς
626 4572 781 4648 Παναγξας.
1120 4605 1122 4612 .
