3717 5642
903 555 937 620 ll

351 745 412 813 atis
433 746 584 828 quatinus
607 744 662 826 qui
684 763 722 809 ex
743 746 862 810 nostris
883 749 954 811 octo
977 745 1113 827 desuper
1136 762 1171 809 se
1198 748 1380 828 protegeret
1401 761 1498 811 ausus

351 855 438 915 esset
458 867 561 915 uerno.
603 847 678 915 Jam
699 865 774 913 vero
802 848 870 913 dies
892 852 1022 913 octavus
1038 849 1078 925 ¹²)
1102 852 1260 930 evenerat,
1283 866 1354 915 cum
1375 848 1498 915 uereri

351 952 405 1017 ubi
439 951 558 1016 nullum
592 969 631 1015 ex
659 950 861 1032 depressione
886 950 985 1015 turris
1007 950 1162 1017 eiusmodi
1183 970 1376 1033 conspexere
1397 953 1499 1017 munie

351 1056 535 1133 mentum¹⁸)
558 1053 649 1136 galee
671 1052 837 1119 confestim
859 1071 930 1120 curn
953 1072 1017 1118 una
1038 1051 1125 1119 iusta
1145 1054 1284 1121 hostium
1299 1055 1401 1122 eidem
1417 1056 1500 1121 turri

350 1159 575 1240 appropinant‚
598 1174 621 1221 a·
640 1155 730 1221 cuius
751 1174 787 1222 se
808 1156 914 1223 nostri
931 1161 1019 1222 metu
1044 1156 1246 1223 advertentes
1267 1159 1369 1224 tutela
1388 1175 1500 1241 super·

351 1263 513 1328 venientes
545 1276 617 1325 eam
649 1263 803 1340 occupant
833 1260 969 1342 insignia
997 1277 1105 1325 eorum
1128 1260 1273 1327 coccinea
1294 1262 1432 1343 desuper
1452 1262 1500 1327 in·

353 1364 506 1443 ferentes,
534 1378 593 1427 uec
625 1368 795 1444 propterea
820 1364 920 1429 nostri
953 1363 1152 1429 sollicitiores
1184 1362 1280 1429 rediti
1313 1364 1502 1431 videbantur

353 1486 461 1533 casum
495 1467 610 1548 adepte
642 1465 740 1530 turris
774 1465 1019 1548 parvipendere,
1053 1484 1115 1548 que
1147 1467 1273 1532 demum
1301 1468 1446 1534 hostibus
1467 1468 1501 1533 in

353 1588 457 1635 urcem
480 1569 566 1635 iacta
586 1573 651 1648 est,
684 1569 774 1636 cuius
795 1570 927 1636 obtentu
949 1567 1044 1635 emuli
1067 1569 1220 1636 viriliores
1243 1569 1346 1637 allecti
1368 1570 1502 1653 sugiptis

353 1673 570 1754 machinisque
604 1673 701 1738 variis
729 1690 800 1738 eam
821 1673 854 1738 in
876 1676 1004 1754 partem
1018 1673 1237 1753 procliviorem
1258 1672 1402 1740 suburbii
1423 1673 1502 1741 infe·

353 1775 462 1856 rionis,
496 1775 616 1841 scilicet
648 1775 745 1844 castri
776 1775 937 1841 menaludi
964 1792 1089 1851 omnem
1111 1775 1323 1842 extendebant
1345 1780 1502 1857 conatum,

355 1883 451 1960 atque
474 1878 619 1943 vimineis
641 1877 782 1944 cratibus
804 1879 892 1944 iuxta
914 1878 1053 1961 collapsa
1072 1878 1178 1944 menia
1199 1880 1246 1945 sic
1266 1877 1403 1945 bailibus
1418 1879 1504 1946 valla

354 1980 554 2062 repleverant
575 1986 759 2062 extenuata,
793 2000 856 2063 quo
884 1980 1012 2047 facilius
1045 1982 1152 2063 pervio
1180 1981 1269 2047 aditu
1289 1988 1422 2065 possent
1442 1983 1505 2064 ipsi

354 2087 531 2163 penetrare.
589 2083 808 2151 Convenerunt
845 2084 1003 2167 siquidem
1034 2088 1086 2151 ter
1118 2089 1294 2167 quaterque
1325 2103 1385 2167 per
1415 2086 1504 2167 prius

355 2190 446 2250 extra
480 2192 513 2250 et
545 2204 582 2251 eo
609 2186 746 2270 amplius
773 2188 897 2254 theucri
917 2187 981 2253 rati
1001 2204 1096 2269 posse
1117 2206 1175 2269 per
1195 2206 1357 2254 murorum
1378 2189 1502 2272 ingredi

353 2287 527 2353 colluviem.
571 2288 650 2355 Pars
672 2308 798 2373 qaoque
820 2289 1006 2356 irruentium
1021 2288 1160 2355 hostium
1177 2290 1280 2374 ipsum
1295 2292 1359 2357 iam
1376 2311 1503 2358 murum

357 2391 591 2472 conscenderat,
615 2393 751 2474 qaedam
773 2392 857 2475 regis
872 2409 1044 2476 aragonum
1058 2394 1258 2475 superposito
1270 2395 1382 2461 meniis
1394 2401 1503 2479 erepte

354 2494 468 2559 vexillo
490 2495 711 2576 crepitantium
735 2514 882 2562 saxorum
904 2495 1032 2562 turbine
1053 2496 1152 2562 coacti
1178 2503 1254 2563 sunt
1275 2498 1371 2564 tertio
1392 2499 1504 2565 eadem

355 2598 469 2663 semita
500 2599 665 2680 repedare.
708 2599 810 2665 Erant
841 2599 972 2680 iusuper
999 2599 1031 2663 in
1054 2600 1124 2680 ipso
1144 2604 1238 2681 portu
1259 2602 1411 2683 pleraque
1433 2620 1504 2669 cum
1570 2596 1578 2611 ’

352 2701 492 2781 quadam
525 2701 617 2783 galea
637 2707 747 2768 nostra
769 2701 896 2783 navigia
918 2705 951 2767 ct
972 2719 1012 2767 ne
1035 2702 1163 2784 quidem
1185 2702 1225 2768 ah
1247 2703 1391 2771 hostibus
1413 2705 1503 2771 tolle-

353 2809 466 2869 rentur
492 2803 553 2886 ipsi
582 2809 679 2885 ponto
712 2803 866 2887 dimersa,
900 2824 1034 2888 quorum
1067 2803 1247 2887 superficies
1280 2808 1370 2872 exuri
1391 2807 1503 2874 malui-

356 2924 427 2970 mus
459 2924 529 2971 esm
562 2905 717 2973 habentes
750 2906 932 2973 debiliorem
967 2912 1091 2990 partem
1124 2912 1303 2989 suspectam
1336 2928 1375 2975 ex
1406 2911 1503 2977 turris

355 3007 478 3089 prefate
510 3014 694 3091 conquestu.
738 3008 915 3075 consulunt
933 3010 1057 3077 itidem
1084 3016 1222 3077 castrum
1250 3010 1383 3076 inferius
1405 3012 1504 3081 mela·

356 3113 433 3179 nudi
468 3112 622 3179 consimili
655 3111 727 3194 igne
759 3110 903 3193 conflari,
938 3131 1033 3195 quam
1066 3112 1107 3179 ab
1134 3113 1279 3180 hostibus
1306 3114 1429 3196 integre
1455 3115 1504 3181 rei

356 3234 554 3299 possessum,
587 3235 628 3281 ne
650 3216 785 3282 maxime
806 3216 839 3280 in
860 3214 1000 3281 bustium
1022 3221 1199 3283 verteretur
1220 3217 1284 3283 arci
1306 3217 1505 3285 eminentiori

355 3325 389 3385 et
412 3324 532 3401 castro,
567 3320 651 3402 quod
683 3324 862 3385 nostrorum
890 3318 1049 3384 existebat
1069 3319 1302 3400 receptaculum
1323 3320 1503 3387 latinorum.

357 3421 510 3507 Neglecto
541 3424 669 3489 demum
700 3442 759 3505 per
780 3422 957 3488 Luchinum
985 3420 1191 3504 Gateluxnm,
1225 3422 1279 3505 qui
1311 3423 1406 3505 paulo
1429 3429 1503 3491 ante

355 3526 514 3608 prefectus
547 3525 654 3595 fuerat
685 3526 808 3607 inipso
840 3530 946 3592 castro
977 3524 1116 3592 inferiori
1133 3526 1180 3607 ¹⁴),
1214 3526 1344 3593 consilio
1376 3528 1503 3610 saniori,

356 3647 429 3694 nam
452 3646 521 3695 cum
554 3629 665 3711 paucis
691 3627 785 3695 facile
811 3647 882 3695 sese
915 3630 948 3695 in
980 3629 1051 3711 ipso
1079 3634 1183 3695 castro
1205 3630 1342 3697 inaniter
1363 3650 1398 3697 se
1420 3632 1504 3697 tueri

353 3731 535 3813 iactabant,
567 3736 641 3814 post
668 3730 750 3798 diem
772 3732 856 3810 Ψ)
877 3731 1017 3799 hostium
1041 3732 1108 3800 iere
1129 3742 1192 3797 xx¹²¹
1214 3734 1364 3800 seriosius
1386 3735 1504 3801 invale-

353 3840 480 3903 scentes
512 3834 642 3901 vocihus
675 3834 824 3916 tubisque
851 3835 893 3902 ad
915 3836 1016 3903 celum
1038 3854 1140 3919 usque
1161 3835 1377 3905 intonantibus
1399 3838 1502 3919 ipsum

354 3946 493 4006 castrum
527 3938 637 4021 quinto
664 3937 817 4003 invadunt
842 3938 1025 4021 fugatisque
1046 3940 1164 4006 nostris
1186 3939 1379 4006 locustarum
1401 3940 1503 4006 instar

424 4215 468 4281 il)
486 4217 531 4271 dis
547 4214 574 4274 8.
591 4215 757 4284 septembris.

424 4302 468 4366 lt)
486 4303 552 4355 (lod.
569 4302 678 4354 munim.
917 4345 921 4352 .

342 4395 345 4403 “
425 4387 469 4450 ll)
487 4388 647 4452 Palamedis,
664 4388 733 4440 Aeni
748 4388 856 4451 domini,
874 4387 1065 4453 liliusnothus3
1084 4387 1230 4441 cl.Ducsm
1249 4405 1309 4456 psg.
1324 4386 1387 4453 5123
1405 4388 1500 4441 Laoui-

355 4492 415 4527 eum
433 4474 675 4540 Chalcscoudylsra
693 4473 747 4537 (sd
764 4474 943 4543 bousb-pag.
963 4471 1022 4527 528.

425 4559 469 4625 lt)
488 4561 531 4614 dia
550 4558 590 4614 1³.
609 4560 775 4628 septembris.
